% Encoding: UTF-8

@Article{Fienup1982,
  author        = {Fienup, J. R.},
  title         = {Phase retrieval algorithms: a comparison},
  journal       = {Applied Optics},
  year          = {1982},
  volume        = {21},
  number        = {15},
  pages         = {2758--2769},
  month         = aug,
  issn          = {2155-3165},
  __markedentry = {[ruilv:6]},
  abstract      = {Iterative algorithms for phase retrieval from intensity data are compared to gradient search methods. Both the problem of phase retrieval from two intensity measurements (in electron microscopy or wave front sensing) and the problem of phase retrieval from a single intensity measurement plus a non-negativity constraint (in astronomy) are considered, with emphasis on the latter. It is shown that both the error-reduction algorithm for the problem of a single intensity measurement and the Gerchberg-Saxton algorithm for the problem of two intensity measurements converge. The error-reduction algorithm is also shown to be closely related to the steepest-descent method. Other algorithms, including the inputâ€“output algorithm and the conjugate-gradient method, are shown to converge in practice much faster than the error-reduction algorithm. Examples are shown.},
  copyright     = {\&\#169; 1982 Optical Society of America},
  doi           = {10.1364/AO.21.002758},
  file          = {Full Text PDF:https\://www.osapublishing.org/viewmedia.cfm?uri=ao-21-15-2758&seq=0:application/pdf;Snapshot:https\://www.osapublishing.org/ao/abstract.cfm?URI=ao-21-15-2758:text/html},
  keywords      = {Discrete Fourier transforms, Fast Fourier transforms, Fourier transforms, Phase retrieval, Point spread function, Wave front sensing},
  language      = {EN},
  publisher     = {Optical Society of America},
  shorttitle    = {Phase retrieval algorithms},
  url           = {https://www.osapublishing.org/ao/abstract.cfm?uri=ao-21-15-2758},
  urldate       = {CURRENT\_TIMESTAMP},
}

@Comment{jabref-meta: databaseType:bibtex;}

@book{Goodfellow2016,
	title={Deep Learning},
	author={Ian Goodfellow and Yoshua Bengio and Aaron Courville},
	publisher={MIT Press},
	note={\url{http://www.deeplearningbook.org}},
	year={2016}
}

@incollection{Bengio+chapter2007,
	author = {Bengio, Yoshua and LeCun, Yann},
	booktitle = {Large Scale Kernel Machines},
	publisher = {MIT Press},
	title = {Scaling Learning Algorithms Towards {AI}},
	year = {2007}
}

@article{Hinton06,
	author = {Hinton, Geoffrey E. and Osindero, Simon and Teh, Yee Whye},
	journal = {Neural Computation},
	pages = {1527--1554},
	title = {A Fast Learning Algorithm for Deep Belief Nets},
	volume = {18},
	year = {2006}
}


@article{Baron,
	author    = {Dror Baron and
	Marco F. Duarte and
	Michael B. Wakin and
	Shriram Sarvotham and
	Richard G. Baraniuk},
	title     = {Distributed Compressive Sensing},
	journal   = {CoRR},
	volume    = {abs/0901.3403},
	year      = {2009},
	url       = {http://arxiv.org/abs/0901.3403},
	archivePrefix = {arXiv},
	eprint    = {0901.3403},
	timestamp = {Wed, 07 Jun 2017 14:40:04 +0200},
	biburl    = {https://dblp.org/rec/bib/journals/corr/abs-0901-3403},
	bibsource = {dblp computer science bibliography, https://dblp.org}
}

@ARTICLE{Greco2018,
	author={M. S. Greco and F. Gini and P. Stinco and K. Bell},
	journal={IEEE Signal Processing Magazine},
	title={Cognitive Radars: On the Road to Reality: Progress Thus Far and Possibilities for the Future},
	year={2018},
	volume={35},
	number={4},
	pages={112-125},
	doi={10.1109/MSP.2018.2822847},
	ISSN={1053-5888},
	month={July},
}

@ARTICLE{Stinco2016, 
	author={P. Stinco and M. S. Greco and F. Gini}, 
	journal={IET Radar, Sonar Navigation}, 
	title={Spectrum sensing and sharing for cognitive radars}, 
	year={2016}, 
	volume={10}, 
	number={3}, 
	pages={595-602}, 
	doi={10.1049/iet-rsn.2015.0372}, 
	ISSN={1751-8784}, 
	month={},
}
@InProceedings{Dias2010,
	author="Dias, Jos{\'e} G. and Vermunt, Jeroen K. and Ramos, Sofia",
	editor="Fink, Andreas and Lausen, Berthold and Seidel, Wilfried and Ultsch, Alfred",
	title="Mixture Hidden Markov Models in Finance Research",
	booktitle="Advances in Data Analysis, Data Handling and Business Intelligence",
	year="2010",
	publisher="Springer Berlin Heidelberg",
	address="Berlin, Heidelberg",
	pages="451--459",
}
@INPROCEEDINGS{Couvreur1996,
	author = {Christophe Couvreur},
	title = {Hidden Markov Models and Their Mixtures},
	booktitle = {DEA Report, Dep. of Mathematics, Universit\'e catholique de Louvain},
	year = {1996}
}
@inproceedings{Helske2016MixtureHM,
	title={Mixture Hidden Markov Models for Sequence Data : The seqHMM Package in R},
	author={Satu Helske and Jouni Helske},
	year={2016}
}

@incollection{NIPS2014_5518,
	title = {Spectral Learning of Mixture of Hidden Markov Models},
	author = {Subakan, Cem and Traa, Johannes and Smaragdis, Paris},
	booktitle = {Advances in Neural Information Processing Systems 27},
	editor = {Z. Ghahramani and M. Welling and C. Cortes and N. D. Lawrence and K. Q. Weinberger},
	pages = {2249--2257},
	year = {2014},
	publisher = {Curran Associates, Inc.},
	url = {http://papers.nips.cc/paper/5518-spectral-learning-of-mixture-of-hidden-markov-models.pdf}
}

@article{DeVicoFallani20130521,
	author = {De Vico Fallani, Fabrizio and Richiardi, Jonas and Chavez, Mario and Achard, Sophie},
	title = {Graph analysis of functional brain networks: practical issues in translational neuroscience},
	volume = {369},
	number = {1653},
	year = {2014},
	doi = {10.1098/rstb.2013.0521},
	publisher = {The Royal Society},
	issn = {0962-8436},
	URL = {http://rstb.royalsocietypublishing.org/content/369/1653/20130521},
	eprint = {http://rstb.royalsocietypublishing.org/content/369/1653/20130521.full.pdf},
	journal = {Philosophical Transactions of the Royal Society of London B: Biological Sciences}
}

@ARTICLE{Bolton2018,
	author={T. A. W. Bolton and A. Tarun and V. Sterpenich and S. Schwartz and D. Van De Ville},
	journal={IEEE Transactions on Medical Imaging},
	title={Interactions Between Large-Scale Functional Brain Networks are Captured by Sparse Coupled HMMs},
	year={2018},
	volume={37},
	number={1},
	pages={230-240},
	ISSN={0278-0062},
	month={Jan},
}
@article{FERLES2013133,
	title = "Self-Organizing Hidden Markov Model Map (SOHMMM)",
	journal = "Neural Networks",
	volume = "48",
	pages = "133 - 147",
	year = "2013",
	issn = "0893-6080",
	doi = "https://doi.org/10.1016/j.neunet.2013.07.011",
	url = "http://www.sciencedirect.com/science/article/pii/S0893608013001974",
	author = "Christos Ferles and Andreas Stafylopatis",
}

@inproceedings{Anisa2014,
	title={Outlier detection in 802.11 wireless access points using Hidden Markov Models},
	author={Allahdadi, Anisa and Morla, Ricardo and Cardoso, Jaime S.},
	booktitle={Wireless and Mobile Networking Conference (WMNC), 2014 7th IFIP},
	pages={1--8},
	year={2014},
	organization={IEEE}
}

@Article{Fernandes2017,
	author="Fernandes, Kelwin
	and Cardoso, Jaime S.",
	title="Hypothesis transfer learning based on structural model similarity",
	journal="Neural Computing and Applications",
	year="2017",
	month="Nov",
	day="21",
	issn="1433-3058",
	doi="10.1007/s00521-017-3281-4",
	url="https://doi.org/10.1007/s00521-017-3281-4"
}

@misc{Yang2018,
	Author = {Zhilin Yang and Jake Zhao and Bhuwan Dhingra and Kaiming He and William W. Cohen and Ruslan Salakhutdinov and Yann LeCun},
	Title = {GLoMo: Unsupervisedly Learned Relational Graphs as Transferable Representations},
	Year = {2018},
	Url = {https://arxiv.org/abs/1806.05662},
}

@article{Baum1972,
	title={An inequality and associated maximization technique in statistical estimation of probabilistic functions of a Markov process},
	author={Baum, Leonard},
	journal={Inequalities},
	volume={3},
	pages={1--8},
	year={1972}
}

@article{Dempster1977,
	title={Maximum likelihood from incomplete data via the EM algorithm},
	author={Dempster, Arthur P. and Laird, Nan M. and Rubin, Donald B.},
	journal={Journal of the royal statistical society. Series B (methodological)},
	pages={1--38},
	year={1977},
	publisher={JSTOR}
}

@article{Pavllo2018,
	title={QuaterNet: A Quaternion-based Recurrent Model for Human Motion},
	author={Pavllo, Dario and Grangier, David and Auli, Michael},
	journal={arXiv preprint arXiv:1805.06485},
	year={2018}
}

@inproceedings{Jain2016,
	title={Structural-RNN: Deep learning on spatio-temporal graphs},
	author={Jain, Ashesh and Zamir, Amir R and Savarese, Silvio and Saxena, Ashutosh},
	booktitle={Proceedings of the IEEE Conference on Computer Vision and Pattern Recognition},
	pages={5308--5317},
	year={2016}
}

@inproceedings{Fragkiadaki2015,
	title={Recurrent network models for human dynamics},
	author={Fragkiadaki, Katerina and Levine, Sergey and Felsen, Panna and Malik, Jitendra},
	booktitle={Proceedings of the IEEE International Conference on Computer Vision},
	pages={4346--4354},
	year={2015}
}

@inproceedings{Martinez2017,
	title={On human motion prediction using recurrent neural networks},
	author={Martinez, Julieta and Black, Michael J and Romero, Javier},
	booktitle={2017 IEEE Conference on Computer Vision and Pattern Recognition (CVPR)},
	pages={4674--4683},
	year={2017},
	organization={IEEE}
}

@article{Ionescu2014,
	author = {Ionescu, Catalin and Papava, Dragos and Olaru, Vlad and Sminchisescu, Cristian},
	title = {Human3.6M: Large Scale Datasets and Predictive Methods for 3D Human Sensing in Natural Environments},
	journal = {IEEE Transactions on Pattern Analysis and Machine Intelligence},
	publisher = {IEEE Computer Society},
	year = {2014}
}

@inproceedings{Ionescu2011,
	author = {Catalin Ionescu and Fuxin Li and Cristian Sminchisescu},
	title = {Latent Structured Models for Human Pose Estimation},
	booktitle = {International Conference on Computer Vision},
	year = {2011}
}

@article{Rabiner1986,
	title={An introduction to hidden Markov models},
	author={Rabiner, Lawrence R and Juang, Biing-Hwang},
	journal={ieee assp magazine},
	volume={3},
	number={1},
	pages={4--16},
	year={1986},
	publisher={Citeseer}
}

@article{Kingma2014,
	title={Adam: A method for stochastic optimization},
	author={Kingma, Diederik P and Ba, Jimmy},
	journal={arXiv preprint arXiv:1412.6980},
	year={2014}
}

@article{Anisa2017,
	author    = {Allahdadi, Anisa and Morla, Ricardo and Cardoso, Jaime S},
	title     = {802.11 Wireless Simulation and Anomaly Detection using {HMM} and {UBM}},
	journal   = {CoRR},
	volume    = {abs/1707.02933},
	year      = {2017},
	url       = {http://arxiv.org/abs/1707.02933},
	archivePrefix = {arXiv},
	eprint    = {1707.02933},
	timestamp = {Mon, 13 Aug 2018 16:47:41 +0200},
	biburl    = {https://dblp.org/rec/bib/journals/corr/AllahdadiM17a},
	bibsource = {dblp computer science bibliography, https://dblp.org}
}

@InProceedings{Theagarajan2018,
	author = {Theagarajan, Rajkumar and Pala, Federico and Zhang, Xiu and Bhanu, Bir},
	title = {Soccer: Who Has the Ball? Generating Visual Analytics and Player Statistics},
	booktitle = {The IEEE Conference on Computer Vision and Pattern Recognition (CVPR) Workshops},
	month = {June},
	year = {2018}
}

@INPROCEEDINGS{Tora2017, 
	author={M. R. Tora and J. Chen and J. J. Little}, 
	booktitle={2017 IEEE Conference on Computer Vision and Pattern Recognition Workshops (CVPRW)}, 
	title={Classification of Puck Possession Events in Ice Hockey}, 
	year={2017}, 
	volume={}, 
	number={}, 
	pages={147-154}, 
	keywords={feature extraction;image classification;neural nets;sport;puck possession event classification;ice hockey;group activity recognition;recurrent neural network;feature extraction;pretrained convolutional neural network;context information;ice hockey dataset;Feature extraction;Ice;Logic gates;Computer vision;Activity recognition;Context modeling;Trajectory}, 
	doi={10.1109/CVPRW.2017.24}, 
	ISSN={2160-7516}, 
	month={July},}

@ELECTRONIC{hmmlearn,
	author={S. Lebedev},
	title={hmmlearn, hidden markov models in python, with scikit-learn like api.},
	url={https://github.com/hmmlearn/hmmlearn},}

@ELECTRONIC{omnetpp,
	title={OMNeT++, discrete event simulator.},
	url={https://www.omnetpp.org/},}

@ELECTRONIC{inet,
	title={INET Framework.},
	url={https://inet.omnetpp.org/},}
